<record xmlns='http://www.loc.gov/MARC21/slim'><leader>02305cas a2200493 a 4500</leader><controlfield tag='001'>2647507</controlfield><controlfield tag='005'>20180827172420.0</controlfield><controlfield tag='008'>790530c19uu9999dcuar1    s  f0   a0eng  </controlfield><datafield ind1=' ' ind2=' ' tag='010'><subfield code='a'>79643018</subfield></datafield><datafield ind1='1' ind2=' ' tag='019'><subfield code='a'>1480760</subfield></datafield><datafield ind1='1' ind2=' ' tag='022'><subfield code='a'>0192-4982</subfield></datafield><datafield ind1=' ' ind2=' ' tag='035'><subfield code='9'>(AuCNLDY)320784</subfield></datafield><datafield ind1=' ' ind2=' ' tag='035'><subfield code='a'>2647507</subfield></datafield><datafield ind1=' ' ind2=' ' tag='040'><subfield code='a'>LC</subfield><subfield code='b'>eng</subfield><subfield code='c'>LC</subfield></datafield><datafield ind1=' ' ind2=' ' tag='042'><subfield code='a'>lc</subfield><subfield code='a'>nsdp</subfield></datafield><datafield ind1=' ' ind2=' ' tag='043'><subfield code='a'>n-usl--</subfield></datafield><datafield ind1='0' ind2='0' tag='050'><subfield code='a'>HC107.A12</subfield><subfield code='b'>U54a</subfield></datafield><datafield ind1=' ' ind2='0' tag='060'><subfield code='a'>W2</subfield><subfield code='b'>A F7dkj</subfield></datafield><datafield ind1='0' ind2='4' tag='082'><subfield code='a'>336.1/85</subfield><subfield code='2'>19</subfield></datafield><datafield ind1='0' ind2=' ' tag='086'><subfield code='a'>HE 1.57:3/</subfield></datafield><datafield ind1=' ' ind2='0' tag='222'><subfield code='a'>Financial assistance by geographic area. Region III, Philadelphia, Penna</subfield></datafield><datafield ind1='0' ind2='0' tag='245'><subfield code='a'>Financial assistance by geographic area.</subfield><subfield code='p'>Region III, Philadelphia, Penna. /</subfield><subfield code='c'>U.S. Department of Health and Human Services.</subfield></datafield><datafield ind1='3' ind2='0' tag='246'><subfield code='a'>Financial assistance by geographic area. Region three, Philadelphia, Pennsylvania</subfield></datafield><datafield ind1=' ' ind2=' ' tag='260'><subfield code='a'>Washington, D.C. :</subfield><subfield code='b'>Office of the Assistant Secretary for Management and Budget, Deputy Assistant Secretary, Finance,</subfield></datafield><datafield ind1=' ' ind2=' ' tag='300'><subfield code='a'>v. :</subfield><subfield code='b'>ill. ;</subfield><subfield code='c'>27 cm.</subfield></datafield><datafield ind1=' ' ind2=' ' tag='310'><subfield code='a'>Annual</subfield></datafield><datafield ind1='1' ind2=' ' tag='490'><subfield code='3'>19  -1979:</subfield><subfield code='a'>DHEW publications ;</subfield><subfield code='v'>no. (OS)</subfield></datafield><datafield ind1='1' ind2=' ' tag='490'><subfield code='3'>1980-   :</subfield><subfield code='a'>DHHS publications ;</subfield><subfield code='v'>no. (OS)</subfield></datafield><datafield ind1=' ' ind2=' ' tag='500'><subfield code='a'>Description based on: Fiscal year 1980.</subfield></datafield><datafield ind1=' ' ind2=' ' tag='530'><subfield code='a'>Distributed to depository libraries in microfiche.</subfield></datafield><datafield ind1=' ' ind2=' ' tag='550'><subfield code='a'>Vols. for 19  -1979 issued by the Dept. of Health, Education, and Welfare, Office of the Assistant Secretary, Comptroller.</subfield></datafield><datafield ind1=' ' ind2='0' tag='650'><subfield code='a'>Economic assistance, Domestic</subfield><subfield code='z'>Middle Atlantic States</subfield><subfield code='x'>Statistics</subfield><subfield code='x'>Periodicals.</subfield></datafield><datafield ind1=' ' ind2='0' tag='650'><subfield code='a'>Grants-in-aid</subfield><subfield code='z'>Middle Atlantic States</subfield><subfield code='x'>Statistics</subfield><subfield code='x'>Periodicals.</subfield></datafield><datafield ind1=' ' ind2='2' tag='650'><subfield code='a'>Financing, Government</subfield><subfield code='z'>Mid-Atlantic Region</subfield><subfield code='x'>periodicals.</subfield></datafield><datafield ind1=' ' ind2='2' tag='650'><subfield code='a'>Financing, Government</subfield><subfield code='z'>Mid-Atlantic Region</subfield><subfield code='x'>statistics.</subfield></datafield><datafield ind1=' ' ind2='2' tag='650'><subfield code='a'>Health Planning Support</subfield><subfield code='z'>Mid-Atlantic Region</subfield><subfield code='x'>periodicals.</subfield></datafield><datafield ind1=' ' ind2='2' tag='650'><subfield code='a'>Health Planning Support</subfield><subfield code='z'>Mid-Atlantic Region</subfield><subfield code='x'>statistics.</subfield></datafield><datafield ind1='1' ind2=' ' tag='710'><subfield code='a'>United States.</subfield><subfield code='b'>Department of Health and Human Services.</subfield><subfield code='b'>Deputy Assistant Secretary, Finance.</subfield></datafield><datafield ind1='1' ind2=' ' tag='710'><subfield code='a'>United States.</subfield><subfield code='b'>Department of Health, Education, and Welfare.</subfield><subfield code='b'>Office of the Assistant Secretary, Comptroller.</subfield></datafield><datafield ind1='0' ind2=' ' tag='760'><subfield code='t'>DHHS publication</subfield></datafield><datafield ind1='0' ind2=' ' tag='760'><subfield code='t'>DHEW publication</subfield></datafield><datafield ind1='1' ind2=' ' tag='776'><subfield code='c'>Microfiche</subfield><subfield code='d'>Supt. of Docs., U.S. G.P.O.</subfield><subfield code='w'>(DLC)sn 94027715</subfield><subfield code='w'>(OCoLC)11737562</subfield></datafield><datafield ind1=' ' ind2='0' tag='830'><subfield code='a'>DHHS publication ;</subfield><subfield code='v'>no. (OS)</subfield></datafield><datafield ind1=' ' ind2='0' tag='830'><subfield code='a'>DHEW publication ;</subfield><subfield code='v'>no. (OS)</subfield></datafield></record>